<?xml version="1.0" encoding="UTF-8"?><collection xmlns="http://www.loc.gov/MARC21/slim"><record><leader>00419nam--2200145-i-4500</leader><controlfield tag="001">000041749</controlfield><controlfield tag="002">20161230</controlfield><controlfield tag="005">20161230201043</controlfield><controlfield tag="008">060222s1000------------r-----000-0-eng-d</controlfield><datafield ind1=" " ind2=" " tag="080"><subfield code="a">681.3</subfield></datafield><datafield ind1=" " ind2=" " tag="245"><subfield code="a">Sisteme de calculatoare cu divizarea timpului</subfield></datafield><datafield ind1=" " ind2=" " tag="260"><subfield code="a">Bucuresti, Ed.Tehnica, 1970. 333 P</subfield></datafield><datafield ind1=" " ind2=" " tag="490"><subfield code="a">Biblioteca De Automatica, Informatica, Electronica, Cibernetica</subfield></datafield><datafield ind1=" " ind2=" " tag="700"><subfield code="a">Walter J.Karplus</subfield></datafield><datafield ind1=" " ind2=" " tag="852"><subfield code="a">32239</subfield></datafield></record></collection>